<record><leader>00000cas a22000007a 4500</leader><controlfield tag="001">40537386</controlfield><controlfield tag="008">981222d19491949cauwr ne      0    0eng d</controlfield><controlfield tag="009">14485</controlfield><datafield ind1=" " ind2=" " tag="010"><subfield code="a">sn 98061996 </subfield></datafield><datafield ind1=" " ind2=" " tag="040"><subfield code="a">CNK</subfield><subfield code="b">eng</subfield><subfield code="c">CNK</subfield><subfield code="d">OCLCQ</subfield></datafield><datafield ind1="1" ind2=" " tag="029"><subfield code="a">AU@</subfield><subfield code="b">000014498222</subfield></datafield><datafield ind1=" " ind2=" " tag="042"><subfield code="a">msc</subfield></datafield><datafield ind1="0" ind2="0" tag="245"><subfield code="a">San Lorenzo Valley press and the Santa Cruz County sun.</subfield></datafield><datafield ind1=" " ind2=" " tag="260"><subfield code="a">Santa Cruz, Calif. :</subfield><subfield code="b">Everett A. Holman</subfield></datafield><datafield ind1=" " ind2=" " tag="300"><subfield code="a">v.</subfield></datafield><datafield ind1=" " ind2=" " tag="310"><subfield code="a">Weekly</subfield></datafield><datafield ind1="0" ind2=" " tag="362"><subfield code="a">Vol. 4, no. 31 (May 6, 1949)-</subfield></datafield><datafield ind1="1" ind2=" " tag="362"><subfield code="a">Ceased in July 1949.</subfield></datafield><datafield ind1=" " ind2="4" tag="651"><subfield code="a">San Lorenzo Valley (Calif.)</subfield><subfield code="v">Newspapers.</subfield></datafield><datafield ind1=" " ind2=" " tag="752"><subfield code="a">United States</subfield><subfield code="b">California</subfield><subfield code="c">Santa Cruz</subfield><subfield code="d">Santa Cruz.</subfield></datafield><datafield ind1="0" ind2="0" tag="780"><subfield code="t">San Lorenzo Valley press</subfield><subfield code="w">(DLC)sn 98061995</subfield></datafield><datafield ind1="0" ind2="0" tag="785"><subfield code="t">San Lorenzo Valley sun and the valley press</subfield><subfield code="w">(DLC)sn 98061952</subfield></datafield></record>